@misc{TeX入門,
	author = {},
	title = {TeX入門},
	howpublished = {\url{https://www.juen.ac.jp/math/nakagawa/texguide.html}},
	month = {},
	year = {},
	note = {(Accessed on 2020/02/06)}
}

@misc{bxwareki,
	author = {},
	title = {CTAN: Package bxwareki},
	howpublished = {\url{https://ctan.org/pkg/bxwareki}},
	month = {},
	year = {},
	note = {(Accessed on 2020/02/06)}
}
